@article{assignment,
    author    = "Elisabetta Di Nitto and Matteo Rossi",
    title     = "\textit{AA 2017-2018 Software Engineering 2 — Mandatory Project goal, schedule, and rules}",
    year      = "2017"
}

@article{rasd,
    author    = "Antonio Frighetto and Leonardo Givoli and Hichame Yessou",
    title     = "\textit{Requirements Analysis and Specification Document}",
    year      = "2017"
}

@misc{maps,
  title = {{Dijkstra}’s algorithm and {Google} {Maps} },
  howpublished = {\url{https://dl.acm.org/citation.cfm?id=2638494}},
  note = {Last time retrieved: \retrievalDate}
}
