@misc{ieee-830,
  title = {{IEEE} {Standard} 830-1998: {IEEE} {Recommended} {Practice} for {Software} {Requirements} {Specifications}},
  howpublished = {\url{http://ieeexplore.ieee.org/document/392555/}},
  note = {Last time retrieved: \retrievalDate}
}

@misc{ieee-29148,
  title = {{ISO/IEC/IEEE} Standard 29148:2011: {International} {Standard} - {Systems} and software engineering - {Life} cycle processes - {Requirements} engineering},
  howpublished = {\url{http://ieeexplore.ieee.org/document/6146379/}},
  note = {Last time retrieved: \retrievalDate}
}

@article{assignment,
    author    = "Elisabetta Di Nitto and Matteo Rossi",
    title     = "\textit{AA 2017-2018 Software Engineering 2 â€” Mandatory Project goal, schedule, and rules}",
    year      = "2017"
}

@misc{alloy,
  title = {{MIT} - {Alloy}: a language \& tool for relational models},
  howpublished = {\url{http://alloy.mit.edu/alloy/}},
  note = {Last time retrieved: \retrievalDate}
}